
@article{Geers2004,
 author = {Geers, M.G.D.},
 doi = {10.1016/j.cma.2003.07.014},
 journal = {Comput. Methods Appl. Mech. Eng.},
 number = {30-32},
 pages = {3377--3401},
 title = {{Finite strain logarithmic hyperelasto-plasticity with softening: a strongly non-local implicit gradient framework}},
 volume = {193},
 year = {2004}
}

